<?xml version="1.0" encoding="UTF-8"?><collection xmlns="http://www.loc.gov/MARC21/slim"><record><leader>00489nam--2200181-i-4500</leader><controlfield tag="001">000046328</controlfield><controlfield tag="002">20161230</controlfield><controlfield tag="005">20161230201045</controlfield><controlfield tag="008">060222s1000------------r-----000-0-fre-d</controlfield><datafield ind1=" " ind2=" " tag="040"><subfield code="a">IFIN-HH</subfield></datafield><datafield ind1=" " ind2=" " tag="041"><subfield code="a">fre</subfield></datafield><datafield ind1="1" ind2=" " tag="100"><subfield code="a">Vendryes, Pierre</subfield></datafield><datafield ind1="1" ind2="0" tag="245"><subfield code="a">Vie et probabilite. preface de louis de broglie</subfield><subfield code="c">Pierre vendryes</subfield></datafield><datafield ind1=" " ind2=" " tag="260"><subfield code="a">Paris</subfield><subfield code="b">Editions Albin Michel</subfield><subfield code="c">1942</subfield></datafield><datafield ind1=" " ind2=" " tag="300"><subfield code="a">382 P.+FIG</subfield></datafield><datafield ind1=" " ind2=" " tag="490"><subfield code="a">Sciences D'Aujourdhui</subfield></datafield><datafield ind1=" " ind2=" " tag="852"><subfield code="a">5067</subfield><subfield code="c">53.01</subfield></datafield><datafield ind1=" " ind2=" " tag="CAT"><subfield code="a">Sys</subfield><subfield code="c">20151012</subfield><subfield code="h">095333</subfield></datafield></record></collection>